@book{Abu-Mostafa:2012:LD:2207825,
	author = {Abu-Mostafa, Yaser S. and Magdon-Ismail, Malik and Lin, Hsuan-Tien},
	title = {Learning From Data},
	year = {2012},
	isbn = {1600490069, 9781600490064},
	publisher = {AMLBook},
} 
