@MISC {208299,
    TITLE = {Hat matrix and leverages in classical multiple regression},
    AUTHOR = {Antoni Parellada (https://stats.stackexchange.com/users/67822/antoni-parellada)},
    HOWPUBLISHED = {Cross Validated},
    NOTE = {URL:https://stats.stackexchange.com/q/208299 (version: 2018-01-29)},
    EPRINT = {https://stats.stackexchange.com/q/208299},
    URL = {https://stats.stackexchange.com/q/208299}
}
@book{Abu-Mostafa:2012:LD:2207825,
	author = {Abu-Mostafa, Yaser S. and Magdon-Ismail, Malik and Lin, Hsuan-Tien},
	title = {Learning From Data},
	year = {2012},
	isbn = {1600490069, 9781600490064},
	publisher = {AMLBook},
} 
